@article{Keisansho2024,
  author = {経済産業省資源エネルギー庁},
  title  = {今後の再生可能エネルギー政策について},
  year   = {2024}
}

@article{Noringyo2020,
  author  = {農林水産省センサス統計室},
  journal = {2020農林業センサス},
  title   = {調査結果の概要},
  year    = {2021}
}

@article{Nogyokeiei2024,
  author  = {農林水産省経営・構造統計課},
  journal = {令和4年営農類型別経営統計},
  title   = {調査結果の概要},
  year    = {2024}
}

@article{Minkankyuyo2022,
  author  = {国税庁長官官房企画課},
  journal = {民間給与実態統計調査},
  title   = {令和4年分調査結果報告},
  year    = {2023}
}

@article{Kochimenseki2023,
  author = {農林水産省},
  title  = {令和5年耕地面積},
  year   = {2023}
}

@article{Engeishisetsu2022,
  author = {農林水産省},
  title  = {園芸用施設の設置等の状況},
  year   = {2022}
}

@article{Safat2022,
  title   = {Estimating the potential for semitransparent organic solar cells in agrophotovoltaic greenhouses},
  journal = {Applied Energy},
  volume  = {328},
  pages   = {120208},
  year    = {2022},
  issn    = {0306-2619},
  author  = {Shahriyar {Safat Dipta} and Jean Schoenlaub and Md {Habibur Rahaman} and Ashraf Uddin}
}

@article{MATLAB,
  year      = {2024},
  author    = {The MathWorks Inc.},
  title     = {MATLAB version: 24.1 (R2024a)},
  publisher = {The MathWorks Inc.},
  address   = {Natick, Massachusetts, United States},
  url       = {https://www.mathworks.com}
}

@article{Bifacialradiance,
  year    = {2020},
  author  = {Slivana Ayala Pelaez and Chris Deline},
  title   = {bifacial radiance: a python package for modeling bifacial solar photovoltaic systems},
  journal = {Journal of Open Source Software},
  volume  = {5},
  number  = {50},
  pages   = {1865}
}

@article{strawberry2010,
  author    = {松尾 尚典 and 越川 兼行},
  title     = {イチゴ高設栽培の環境調節による省エネルギー栽培技術},
  journal   = {岐阜県農業技術センター研究報告},
  issn      = {1882-9104},
  publisher = {岐阜 : 岐阜県農業技術センター},
  year      = {2010},
  month     = {03},
  number    = {10},
  pages     = {10-15},
  url       = {https://cir.nii.ac.jp/crid/1050845763685390464}
}

@article{Cop2013,
  author  = {後藤 文之 and 庄子 和博 and 間野 英行 and 花形 将司},
  journal = {農業施設},
  number  = {3},
  title   = {温室における空気熱源式ヒートポンプCOPの連続測定},
  volume  = {44},
  pages   = {25-31},
  year    = {2013}
}

@book{Samejima2021,
  author    = {鮫島 良次},
  title     = {農業気象学入門},
  publisher = {文永堂出版},
  year      = {2021},
  url       = {https://ci.nii.ac.jp/ncid/BC05506300}
}

@book{Goto2022,
  author = {後藤 英司},
  publisher = {朝倉書店},
  title = {施設園芸学ー植物環境工学入門ー},
  year = {2022}
}

@article{Tanino2018,
  title={農業施設に関わる研究・技術の最近の展開},
  author={谷野 章},
  journal={農業施設},
  volume={49},
  number={1},
  pages={1-7},
  year={2018},
  doi={10.11449/sasj.49.1_1}
}